@inproceedings{trevor:2006,
author = {Kgil, Taeho and Mudge, Trevor},
title = {FlashCache: A NAND Flash Memory File Cache for Low Power Web Servers},
year = {2006},
isbn = {1595935436},
publisher = {Association for Computing Machinery},
address = {New York, NY, USA},
url = {https://doi.org/10.1145/1176760.1176774},
doi = {10.1145/1176760.1176774},
booktitle = {Proceedings of the 2006 International Conference on Compilers, Architecture and Synthesis for Embedded Systems},
pages = {103â€“112},
numpages = {10},
keywords = {simulation, full-system, low power, server platforms, web server, application-specific architectures, flash memory, embedded system},
location = {Seoul, Korea},
series = {CASES '06}
}

@misc{quoradotcom:2020,
  author = {quora.com},
  title = {{What is the Role of a Web Service in a three Tier Architecture}},
  month = September,
  year = {2020},  
  howpublished = {\url{http://www.quora.com/What-is-the-role-of-a-web-service-in-a-three-tier-architecture}},
  note = {Last accessed on September $4$, $2020$ at \mytime{21}{02}}
}

@misc{qtdesigner:2020,
  author = {The Qt Company},
  title = {{Qt Designer Manual}},
  month = September,
  year = {2020},  
  howpublished = {\url{http://doc.qt.io/qt-5/qtdesigner-manual.html}},
  note = {Last accessed on September $4$, $2020$ at \mytime{15}{21}}
}

@misc{miniStudio:2020,
  author = {WEI, Yongming},
  title = {{miniStudio User's Guide}},
  month = September,
  year = {2020},
  howpublished = {\url{http://www.minigui.net/en/ministudio}},
  note = {Last accessed on September $4$, $2020$ at \mytime{15}{21}}
}
