@inproceedings{conf:pldi:NethercoteS07,
  author = {Nethercote, Nicholas and Seward, Julian},
  biburl = {https://www.bibsonomy.org/bibtex/2c2c0115545aabff11cc1e46cf0c40dd2/dblp},
  booktitle = {PLDI},
  editor = {Ferrante, Jeanne and McKinley, Kathryn S.},
  ee = {https://doi.org/10.1145/1250734.1250746},
  isbn = {978-1-59593-633-2},
  keywords = {dblp},
  pages = {89-100},
  publisher = {ACM},
  timestamp = {2018-11-07T15:02:41.000+0100},
  title = {Valgrind: a framework for heavyweight dynamic binary instrumentation.},
  url = {http://dblp.uni-trier.de/db/conf/pldi/pldi2007.html#NethercoteS07},
  year = 2007
}


@inproceedings{trevor:2006,
author = {Kgil, Taeho and Mudge, Trevor},
title = {FlashCache: A NAND Flash Memory File Cache for Low Power Web Servers},
year = {2006},
isbn = {1595935436},
publisher = {Association for Computing Machinery},
address = {New York, NY, USA},
url = {https://doi.org/10.1145/1176760.1176774},
doi = {10.1145/1176760.1176774},
booktitle = {Proceedings of the 2006 International Conference on Compilers, Architecture and Synthesis for Embedded Systems},
pages = {103â€“112},
numpages = {10},
keywords = {simulation, full-system, low power, server platforms, web server, application-specific architectures, flash memory, embedded system},
location = {Seoul, Korea},
series = {CASES '06}
}

@misc{securityboulevarddotcom:2020,
  author = {securityboulevard.com},
  title = {{Thick Client Penetration Testing Methodology}},
  month = September,
  year = {2020},  
  howpublished = {\url{http://securityboulevard.com/2020/02/thick-client-penetration-testing-methodology/}},
  note = {Last accessed on September $4$, $2020$ at \mytime{15}{21}}
}

@misc{qtdesigner:2020,
  author = {The Qt Company},
  title = {{Qt Designer Manual}},
  month = September,
  year = {2020},  
  howpublished = {\url{http://doc.qt.io/qt-5/qtdesigner-manual.html}},
  note = {Last accessed on September $4$, $2020$ at \mytime{15}{21}}
}

@misc{gcc:2020,
  author = {THE COMPILER SUITE GCC},
  title = {{THE GCC (G++) COMPILER SUITE}},
  month = DECEMBER,
  year = {},
  howpublished = {\url{http://www..org}},
  note = {Last accessed on December $29$, $2020$ at \mytime{12}{00}}
}

@misc{miniStudio:2020,
  author = {WEI, Yongming},
  title = {{miniStudio User's Guide}},
  month = September,
  year = {2020},
  howpublished = {\url{http://www.minigui.net/en/ministudio}},
  note = {Last accessed on September $4$, $2020$ at \mytime{15}{21}}
}
